<?xml version="1.0" encoding="UTF-8"?><collection><record><leader>02482ntm a2200337 a 4500</leader><controlfield tag="001">002641752</controlfield><controlfield tag="003">MiAaHDL</controlfield><controlfield tag="005">20190719000000.0</controlfield><controlfield tag="006">m        d        </controlfield><controlfield tag="007">cr bn ---auaua</controlfield><controlfield tag="008">930712s1870    xx            00||  ara d</controlfield><datafield tag="035" ind1=" " ind2=" "><subfield code="a">(MiU)002641752</subfield></datafield><datafield tag="035" ind1=" " ind2=" "><subfield code="a">sdr-miu002641752</subfield></datafield><datafield tag="035" ind1=" " ind2=" "><subfield code="a">(OCoLC)34366883</subfield></datafield><datafield tag="035" ind1=" " ind2=" "><subfield code="a">(RLIN)MIUH93-A222</subfield></datafield><datafield tag="040" ind1=" " ind2=" "><subfield code="a">MiU</subfield><subfield code="c">MiU</subfield><subfield code="e">appm</subfield></datafield><datafield tag="100" ind1="1" ind2=" "><subfield code="6">880-01</subfield><subfield code="a">Makkī, Muḥammad ʻAbd al-ʻAẓīm.</subfield></datafield><datafield tag="245" ind1="1" ind2="3"><subfield code="6">880-02</subfield><subfield code="a">al-Qawl al-sadīd fī baʻḍ masāʾil al-ijtihād wa-al-taqlīd :</subfield><subfield code="k">manuscript,</subfield><subfield code="f">[1870] /</subfield><subfield code="c">jamʻ sayyidinā shaykh mashāyikh al-Islām malik al-ʻulamāʾ al-aʻlām muftī al-anām marjiʻ al-khāṣṣ wa-al-ʻāmm mawlānā al-shaykh al-imām al-ʻallāmah Muḥammad ʻAbd al-ʻAẓīm al-Makkī al-Ḥanafī ibn al-marḥūm al-mabrūr al-mullā Furūkh.</subfield></datafield><datafield tag="300" ind1=" " ind2=" "><subfield code="a">1</subfield><subfield code="f">v. ([58] p.) ;</subfield><subfield code="c">21 cm.</subfield></datafield><datafield tag="500" ind1=" " ind2=" "><subfield code="a">Illumination on title p. and p. [3]; gilded foliate decoration throughout; text rubricated and enclosed in gold borders; marginal commentaries and finding aids in hand of copyist.</subfield></datafield><datafield tag="500" ind1=" " ind2=" "><subfield code="a">Date and copyist's name in colophon: tammat al-risālah al-masrūjah al-dhubālah bi-qalam al-faqīr Muḥamamd ʻIlmī li-sanat sabaʻ wa-thamānīn wa-miʾatayn wa-alf 1287 fī Muḥarram [i.e. April 1870].</subfield></datafield><datafield tag="520" ind1=" " ind2=" "><subfield code="a">On the interpretation of Islamic law and the adoption of legal decisions rendered by the orthodox schools of law; on pp. [49-57] are two fāʾidahs on the same topic.</subfield></datafield><datafield tag="538" ind1=" " ind2=" "><subfield code="a">Mode of access: Internet.</subfield></datafield><datafield tag="541" ind1=" " ind2=" "><subfield code="d">1924</subfield><subfield code="3">Manuscript</subfield><subfield code="a">Anonymous</subfield><subfield code="c">Purchase, 1924</subfield><subfield code="h">$50.00</subfield></datafield><datafield tag="561" ind1=" " ind2=" "><subfield code="a">Purchased in Cairo, 1924. Once part of the personal manuscript collection of Sultan Abdülhamid of Turkey.</subfield></datafield><datafield tag="650" ind1=" " ind2="0"><subfield code="a">Taqlīd.</subfield></datafield><datafield tag="650" ind1=" " ind2="0"><subfield code="a">Islamic law</subfield><subfield code="x">Interpretation and construction.</subfield></datafield><datafield tag="650" ind1=" " ind2="0"><subfield code="a">Manuscripts, Arabic</subfield><subfield code="z">Michigan</subfield><subfield code="z">Ann Arbor.</subfield></datafield><datafield tag="700" ind1="0" ind2=" "><subfield code="a">Abdülhamid</subfield><subfield code="b">II,</subfield><subfield code="c">Sultan of the Turks,</subfield><subfield code="d">1842-1918,</subfield><subfield code="e">former owner.</subfield></datafield><datafield tag="773" ind1="0" ind2=" "><subfield code="a">Abdul Hamid Collection.</subfield><subfield code="7">unbc</subfield><subfield code="w">(CStRLIN)MIUH93-A187.</subfield></datafield><datafield tag="880" ind1="1" ind2="2"><subfield code="6">245-02/</subfield><subfield code="a">القول السديد في بعض مسائل الاجتهاد والتقليد :</subfield><subfield code="k">manuscript،</subfield><subfield code="f">[1870] /</subfield><subfield code="c">جمع سيدنا شيخ مشايخ الإسلام ملك العلماء الأعلام مفتي الأنام مرجع الخاص والعام مولانا الشيخ الإمام العلامة محمد عبد العظيم المكي الحنفي بن المرحوم المبرور الملا فروخ.</subfield></datafield><datafield tag="880" ind1="0" ind2=" "><subfield code="6">100-01/</subfield><subfield code="a">محمد عبد العظيم المكي.</subfield></datafield><datafield tag="CID" ind1=" " ind2=" "><subfield code="a">002641752</subfield></datafield><datafield tag="DAT" ind1="0" ind2=" "><subfield code="a">20190719102633.0</subfield><subfield code="b">20190719000000.0</subfield></datafield><datafield tag="DAT" ind1="1" ind2=" "><subfield code="a">20190719090653.0</subfield><subfield code="b">2019-07-19T16:10:42Z</subfield></datafield><datafield tag="DAT" ind1="2" ind2=" "><subfield code="a">2015-10-02T18:00:03Z</subfield></datafield><datafield tag="CAT" ind1=" " ind2=" "><subfield code="a">SDR-MIU</subfield><subfield code="d">EX LIBRIS - ALEPH</subfield><subfield code="l">prepare.pl-004-008</subfield></datafield><datafield tag="FMT" ind1=" " ind2=" "><subfield code="a">BK</subfield></datafield><datafield tag="HOL" ind1=" " ind2=" "><subfield code="0">sdr-miu002641752</subfield><subfield code="a">MiU</subfield><subfield code="b">SDR</subfield><subfield code="c">MIU</subfield><subfield code="p">mdp.39015081446349</subfield><subfield code="s">MIU</subfield><subfield code="1">002641752</subfield></datafield><datafield tag="974" ind1=" " ind2=" "><subfield code="b">MIU</subfield><subfield code="c">MIU</subfield><subfield code="d">20190719</subfield><subfield code="s">lit-dlps-dc</subfield><subfield code="u">mdp.39015081446349</subfield><subfield code="y">1870</subfield><subfield code="r">pd</subfield><subfield code="q">bib</subfield><subfield code="t">non-US bib date1 &lt; 1896</subfield></datafield></record></collection>